@MISC{encyclopedia,
  title = {The Birth Of Graph Theory: Leonhard Euler And The KÃ¶nigsberg Bridge Problem},
  howpublished = "\url{https://www.encyclopedia.com/science/encyclopedias-almanacs-transcripts-and-maps/birth-graph-theory-leonhard-euler-and-konigsberg-bridge-problem}",
  note = {Accessed: 2021-03-4}
}

@MISC{britannica,
  title = "Leonhard Euler",
  howpublished = "\url{https://www.britannica.com/biography/Leonhard-Euler}",
  note = {Accessed: 2021-03-4}
}
